% Encoding: UTF-8
@online{NYCOpenData,
author={NYC Open Data},
title = {Our mission: open data for all},
year = {2017},
URL = {https://opendata.cityofnewyork.us/overview/},
urldate = {2018-02-03},
}

%more style examples: https://www.verbosus.com/bibtex-style-examples.html
@Comment{jabref-meta: databaseType:biblatex;}
